@article{chalmers2012mirt,
  title={mirt: A multidimensional item response theory package for the R environment},
  author={Chalmers, R Philip and others},
  journal={Journal of Statistical Software},
  volume={48},
  number={6},
  pages={1--29},
  year={2012}
}
@article{maydeu2013goodness,
  title={Goodness-of-fit assessment of item response theory models},
  author={Maydeu-Olivares, Alberto},
  journal={Measurement: Interdisciplinary Research and Perspectives},
  volume={11},
  number={3},
  pages={71--101},
  year={2013},
  publisher={Taylor \& Francis}
}
@article{mcdonald1995goodness,
  title={Goodness of fit in item response models},
  author={McDonald, Roderick P and Mok, Magdalena M-C},
  journal={Multivariate Behavioral Research},
  volume={30},
  number={1},
  pages={23--40},
  year={1995},
  publisher={Taylor \& Francis}
}
@article{vehtari2017practical,
  title={Practical Bayesian model evaluation using leave-one-out cross-validation and WAIC},
  author={Vehtari, Aki and Gelman, Andrew and Gabry, Jonah},
  journal={Statistics and computing},
  volume={27},
  number={5},
  pages={1413--1432},
  year={2017},
  publisher={Springer}
}
@article{cai2011generalized,
  title={Generalized full-information item bifactor analysis.},
  author={Cai, Li and Yang, Ji Seung and Hansen, Mark},
  journal={Psychological methods},
  volume={16},
  number={3},
  pages={221},
  year={2011},
  publisher={American Psychological Association}
}
